<?xml version="1.0" encoding="UTF-8"?>
<record xmlns="http://www.loc.gov/MARC21/slim">
   <leader>00979cam a2200253 a 4500</leader>
   <controlfield tag="001">479514</controlfield>
   <controlfield tag="003">NjP</controlfield>
   <controlfield tag="005">20171013103000.0</controlfield>
   <controlfield tag="008">881117s1983    ir       b    00010 ara d</controlfield>
   <datafield tag="024" ind1="7" ind2=" ">
      <subfield code="a">princeton_aco003808</subfield>
      <subfield code="2">local</subfield>
   </datafield>
   <datafield ind1=" " ind2=" " tag="035">
      <subfield code="a">(OCoLC)82334192</subfield>
   </datafield>
   <datafield ind1=" " ind2=" " tag="035">
      <subfield code="a">(CStRLIN)NJPG88-B57717</subfield>
   </datafield>
   <datafield ind1=" " ind2=" " tag="035">
      <subfield code="9">ACF5204TS</subfield>
   </datafield>
   <datafield ind1=" " ind2=" " tag="040">
      <subfield code="a">MiU</subfield>
      <subfield code="c">MiU</subfield>
      <subfield code="d">NjP</subfield>
   </datafield>
   <datafield ind1="1" ind2=" " tag="100">
      <subfield code="a">Fatlāwī, Mahdī.</subfield>
   </datafield>
   <datafield ind1="1" ind2="3" tag="245">
      <subfield code="a">al-Tawbah wa-al-tāʾibūn :</subfield>
      <subfield code="b">dirāsah tarbawīyah Islāmīyah li-mafhūm al-tawbah ʻalá ḍawʾ al-Qurʾān al-Karīm wa-aḥādīth ahl al-bayt /</subfield>
      <subfield code="c">Mahdī al-Fatlāwī.</subfield>
   </datafield>
   <datafield ind1=" " ind2=" " tag="250">
      <subfield code="a">al-Ṭabʻah 1.</subfield>
   </datafield>
   <datafield ind1=" " ind2=" " tag="260">
      <subfield code="a">Qum :</subfield>
      <subfield code="b">Maktabat al-Imām al-Ḥasan,</subfield>
      <subfield code="c">1404 [1983 or 84]</subfield>
   </datafield>
   <datafield ind1=" " ind2=" " tag="300">
      <subfield code="a">243 p. ;</subfield>
      <subfield code="c">24 cm.</subfield>
   </datafield>
   <datafield ind1=" " ind2=" " tag="500">
      <subfield code="a">Title page partially vocalized.</subfield>
   </datafield>
   <datafield ind1=" " ind2=" " tag="504">
      <subfield code="a">Bibliography: p. 241-243.</subfield>
   </datafield>
   <datafield ind1=" " ind2="0" tag="650">
      <subfield code="a">Repentance</subfield>
      <subfield code="x">Islam.</subfield>
   </datafield>
   <datafield ind1=" " ind2="0" tag="650">
      <subfield code="a">Sin (Islam)</subfield>
      <subfield code="0">http://id.loc.gov/authorities/subjects/sh85122779</subfield>
   </datafield>
   <datafield ind1=" " ind2=" " tag="998">
      <subfield code="a">11/17/88</subfield>
      <subfield code="s">9114</subfield>
      <subfield code="n">NjP</subfield>
      <subfield code="w">NJPG88B57717</subfield>
      <subfield code="d">11/17/88</subfield>
      <subfield code="c">KVV</subfield>
      <subfield code="b">KVV</subfield>
      <subfield code="i">881117</subfield>
      <subfield code="l">NJPG</subfield>
   </datafield>
   <datafield ind1=" " ind2=" " tag="911">
      <subfield code="a">19921028</subfield>
   </datafield>
   <datafield ind1=" " ind2=" " tag="912">
      <subfield code="a">19970121040352.0</subfield>
   </datafield>
   <datafield ind1="0" ind2="0" tag="852">
      <subfield code="0">521038</subfield>
      <subfield code="b">rcppa</subfield>
      <subfield code="t">1</subfield>
      <subfield code="h">BP166.79</subfield>
      <subfield code="i">.F37</subfield>
      <subfield code="x">tr fr nec</subfield>
   </datafield>
   <datafield ind1=" " ind2=" " tag="959">
      <subfield code="a">2000-06-13 00:00:00 -0400</subfield>
   </datafield>
</record>
